<?xml version="1.0" encoding="UTF-8"?><record xmlns="http://www.loc.gov/MARC21/slim" xmlns:cinclude="http://apache.org/cocoon/include/1.0" xmlns:zs="http://www.loc.gov/zing/srw/">
  <leader>00495nz  a2200157n  4500</leader>
  <controlfield tag="001">no2001079586</controlfield>
  <controlfield tag="003">DLC</controlfield>
  <controlfield tag="005">20011006071105.0</controlfield>
  <controlfield tag="008">011005n| acannaabn          |n aaa     c</controlfield>
  <datafield tag="010" ind1=" " ind2=" ">
    <subfield code="a">no2001079586</subfield>
  </datafield>
  <datafield tag="035" ind1=" " ind2=" ">
    <subfield code="a">(OCoLC)oca05598478</subfield>
  </datafield>
  <datafield tag="040" ind1=" " ind2=" ">
    <subfield code="a">MdU-MA</subfield>
    <subfield code="b">eng</subfield>
    <subfield code="c">MdU-MA</subfield>
  </datafield>
  <datafield tag="100" ind1="1" ind2=" ">
    <subfield code="a">Garrett, Spencer</subfield>
  </datafield>
  <datafield tag="670" ind1=" " ind2=" ">
    <subfield code="a">Love and other sorrows, 1996:</subfield>
    <subfield code="b">closing credits (Spencer Garrett)</subfield>
  </datafield>
  <datafield tag="670" ind1=" " ind2=" ">
    <subfield code="a">Internet movie database, Oct. 5, 2001</subfield>
    <subfield code="b">(Spencer Garrett; actor)</subfield>
  </datafield>
  <datafield tag="675" ind1=" " ind2=" ">
    <subfield code="a">Halliwell's WW in the movies, 1999.</subfield>
  </datafield>
</record>